<?xml version="1.0" encoding="UTF-8"?><collection xmlns="http://www.loc.gov/MARC21/slim"><record><leader>00654nam--2200181-i-4500</leader><controlfield tag="001">000014064</controlfield><controlfield tag="002">20161230</controlfield><controlfield tag="005">20161230201030</controlfield><controlfield tag="008">060222s1000------------r-----000-0-fre-d</controlfield><datafield ind1=" " ind2=" " tag="040"><subfield code="a">IFIN-HH</subfield></datafield><datafield ind1=" " ind2=" " tag="041"><subfield code="a">fre</subfield></datafield><datafield ind1=" " ind2=" " tag="080"><subfield code="a">539.143.5(043)</subfield></datafield><datafield ind1="1" ind2=" " tag="100"><subfield code="a">Cavedon, Jean Marc</subfield></datafield><datafield ind1="1" ind2="0" tag="245"><subfield code="a">Distribution de charge de quelques noyaux a couche fermee dans leur etat fondamental: 40ca, 58ni, 116sn, 124sn, 208pb; etude experimentale par f=diffusion elstique d'elelctrons jusqu'a des transferts d'impulsion de 3,5a4fm</subfield><subfield code="b">These</subfield><subfield code="c">Jean marc cavedon</subfield></datafield><datafield ind1=" " ind2=" " tag="260"><subfield code="a">Paris</subfield><subfield code="b">Universite</subfield><subfield code="c">1980</subfield></datafield><datafield ind1=" " ind2=" " tag="300"><subfield code="a">138 P</subfield></datafield><datafield ind1=" " ind2=" " tag="852"><subfield code="a">49784</subfield><subfield code="c">539.14</subfield></datafield><datafield ind1=" " ind2=" " tag="CAT"><subfield code="a">Sys</subfield><subfield code="c">20120404</subfield><subfield code="h">121254</subfield></datafield></record></collection>